@book{Kelly.2008,
 author = {Kelly, Steven and Tolvanen, Juha-Pekka},
 year = {2008},
 title = {Domain-specific modeling: Enabling full code generation},
 address = {Hoboken, N.J.},
 publisher = {{John Wiley {\&} Sons}},
 isbn = {0470036664},
 abstract = {Illustrating examples from various fields of software product development, this book offers an introduction to Domain-Specific Modeling (DSM). It addresses the guidelines for implementing DSM: how to identify the language constructs, options available for code generation and what tools are available to provide tool support for DSM language.}
}

@incollection{Fischer.2010b,
 author = {Fischer, Frank and Mandl, Heinz and Todorova, Albena},
 title = {Lehren und Lernen mit neuen Medien},
 pages = {753--771},
 publisher = {{VS, Verl. f{\"u}r Sozialwiss}},
 isbn = {978-3-531-15481-7},
 editor = {Tippelt, Rudolf and Schmidt, Bernhard},
 booktitle = {Handbuch Bildungsforschung},
 year = {2010},
 address = {Wiesbaden}
}

@book{Brambilla.2012,
 author = {Brambilla, Marco and Cabot, Jordi and Wimmer, Manuel},
 year = {2012},
 title = {Model-Driven Software Engineering in Practice},
 address = {San Rafael},
 publisher = {{Morgan {\&} Claypool Publishers}},
 isbn = {9781608458837},
 series = {Synthesis Lectures on Software Engineering},
 abstract = {This book discusses how model-based approaches can improve the dailypractice of software professionals. This is known as Model Driven Engineering(MDE). MDE practices have proved to increase efficiency and effectiveness insoftware development, as demonstrated by various quantitative andqualitative studies. MDE adoption in the software industry is foreseen to growexponentially in the near future, e.g. due to the convergence of softwaredevelopment and business analysis. The aim of this book is to provide you withan agile and flexible tool to introduce you to the MDE world, thus allowing youto qui.}
}


@book{Lammel.2012,
 author = {L{\"a}mmel, Uwe and Cleve, J{\"u}rgen},
 year = {2012},
 title = {K{\"u}nstliche Intelligenz},
 address = {M{\"u}nchen},
 edition = {4},
 publisher = {Hanser},
 isbn = {978-3-446-42758-7}
}


@article{LohrRichter.1993,
 author = {L{\"o}hr-Richter, Perdita},
 year = {1993},
 title = {Zur Diskussion: Methodologie - Methodik - Methode: Was steckt dahinter?},
 pages = {39--41},
 volume = {13},
 number = {1},
 journal = {Emisa Forum},
 url = {http://subs.emis.de/LNI/EMISA-Forum/Volume13_1/Emisa_1_93_S39-41.pdf}
}






@book{arora_computational_2009,
	location = {Cambridge},
	title = {Computational Complexity: A Modern Approach},
	isbn = {978-0-511-80409-0},
	url = {http://ebooks.cambridge.org/ref/id/CBO9780511804090},
	shorttitle = {Computational Complexity},
	publisher = {Cambridge University Press},
	author = {Arora, Sanjeev and Barak, Boaz},
	urldate = {2022-04-06},
	date = {2009},
	langid = {english},
	doi = {10.1017/CBO9780511804090},
	file = {Arora und Barak - 2009 - Computational Complexity A Modern Approach.pdf:C\:\\Users\\edgar\\Zotero\\storage\\IXUXH3BT\\Arora und Barak - 2009 - Computational Complexity A Modern Approach.pdf:application/pdf},
}

@article{hemaspaandra_computing_nodate,
	title = {Computing solutions uniquely collapses the polynomial hierarchy},
	abstract = {We show that if there is an {NP} function that, when given a satisfiable formula as input, outputs one satisfying assignment uniquely, then the polynomial hierarchy collapses to its second level. As the existence of such a function is known to be equivalent to the statement "every {NP} function has an {NP} refinement with unique outputs," our result provides the strongest evidence yet that {NP} functions cannot be refined.},
	pages = {9},
	author = {Hemaspaandra, Lane A and Naikt, Ashish V and Ogihara, Mitsunori and Selmanw, Alan L},
	langid = {english},
	file = {Hemaspaandra et al. - Computing solutions uniquely collapses the polynom.pdf:C\:\\Users\\edgar\\Zotero\\storage\\SG6A54AX\\Hemaspaandra et al. - Computing solutions uniquely collapses the polynom.pdf:application/pdf},
}

@article{noauthor_perceptrons_1994,
	title = {Perceptrons, {PP}, and the polynomial hierarchy},
	pages = {11},
	journaltitle = {comput complexity},
	date = {1994},
	langid = {english},
	file = {1994 - Perceptrons, PP, and the polynomial hierarchy.pdf:C\:\\Users\\edgar\\Zotero\\storage\\QRI6MNYF\\1994 - Perceptrons, PP, and the polynomial hierarchy.pdf:application/pdf},
}

@book{de_haan_parameterized_2019,
	location = {Berlin, Heidelberg},
	title = {Parameterized Complexity in the Polynomial Hierarchy: Extending Parameterized Complexity Theory to Higher Levels of the Hierarchy},
	volume = {11880},
	isbn = {978-3-662-60669-8 978-3-662-60670-4},
	url = {http://link.springer.com/10.1007/978-3-662-60670-4},
	series = {Lecture Notes in Computer Science},
	shorttitle = {Parameterized Complexity in the Polynomial Hierarchy},
	publisher = {Springer Berlin Heidelberg},
	author = {de Haan, Ronald},
	urldate = {2022-04-06},
	date = {2019},
	langid = {english},
	doi = {10.1007/978-3-662-60670-4},
	file = {de Haan - 2019 - Parameterized Complexity in the Polynomial Hierarc.pdf:C\:\\Users\\edgar\\Zotero\\storage\\DFK7YJG2\\de Haan - 2019 - Parameterized Complexity in the Polynomial Hierarc.pdf:application/pdf},
}

@inbook{lipton_dick_2013,
	location = {Berlin, Heidelberg},
	title = {Dick Karp: The Polynomial Hierarchy},
	isbn = {978-3-642-41421-3 978-3-642-41422-0},
	url = {http://link.springer.com/10.1007/978-3-642-41422-0_47},
	shorttitle = {Dick Karp},
	pages = {245--248},
	booktitle = {People, Problems, and Proofs},
	publisher = {Springer Berlin Heidelberg},
	author = {Lipton, Richard J. and Regan, Kenneth W.},
	bookauthor = {Lipton, Richard J. and Regan, Kenneth W.},
	urldate = {2022-04-06},
	date = {2013},
	langid = {english},
	doi = {10.1007/978-3-642-41422-0_47},
	file = {Lipton und Regan - 2013 - Dick Karp The Polynomial Hierarchy.pdf:C\:\\Users\\edgar\\Zotero\\storage\\XK3ZQIAA\\Lipton und Regan - 2013 - Dick Karp The Polynomial Hierarchy.pdf:application/pdf},
}

@collection{gass_encyclopedia_2013,
	location = {Boston, {MA}},
	title = {Encyclopedia of Operations Research and Management Science},
	isbn = {978-1-4419-1137-7 978-1-4419-1153-7},
	url = {http://link.springer.com/10.1007/978-1-4419-1153-7},
	publisher = {Springer {US}},
	editor = {Gass, Saul I. and Fu, Michael C.},
	urldate = {2022-04-06},
	date = {2013},
	langid = {english},
	doi = {10.1007/978-1-4419-1153-7},
	file = {Gass und Fu - 2013 - Encyclopedia of Operations Research and Management.pdf:C\:\\Users\\edgar\\Zotero\\storage\\GMJ5WFGY\\Gass und Fu - 2013 - Encyclopedia of Operations Research and Management.pdf:application/pdf},
}

@collection{pitts_foundations_2015,
	location = {Berlin, Heidelberg},
	title = {Foundations of Software Science and Computation Structures: 18th International Conference, {FOSSACS} 2015, Held as Part of the European Joint Conferences on Theory and Practice of Software, {ETAPS} 2015, London, {UK}, April 11-18, 2015, Proceedings},
	volume = {9034},
	isbn = {978-3-662-46677-3 978-3-662-46678-0},
	url = {http://link.springer.com/10.1007/978-3-662-46678-0},
	series = {Lecture Notes in Computer Science},
	shorttitle = {Foundations of Software Science and Computation Structures},
	publisher = {Springer Berlin Heidelberg},
	editor = {Pitts, Andrew},
	urldate = {2022-04-24},
	date = {2015},
	langid = {english},
	doi = {10.1007/978-3-662-46678-0},
	file = {Pitts - 2015 - Foundations of Software Science and Computation St.pdf:C\:\\Users\\edgar\\Zotero\\storage\\S7GE8Z5C\\Pitts - 2015 - Foundations of Software Science and Computation St.pdf:application/pdf},
}

@collection{esparza_automata_2014,
	location = {Berlin, Heidelberg},
	title = {Automata, Languages, and Programming: 41st International Colloquium, {ICALP} 2014, Copenhagen, Denmark, July 8-11, 2014, Proceedings, Part {II}},
	volume = {8573},
	isbn = {978-3-662-43950-0 978-3-662-43951-7},
	url = {http://link.springer.com/10.1007/978-3-662-43951-7},
	series = {Lecture Notes in Computer Science},
	shorttitle = {Automata, Languages, and Programming},
	publisher = {Springer Berlin Heidelberg},
	editor = {Esparza, Javier and Fraigniaud, Pierre and Husfeldt, Thore and Koutsoupias, Elias},
	editorb = {Hutchison, David and Kanade, Takeo and Kittler, Josef and Kleinberg, Jon M. and Kobsa, Alfred and Mattern, Friedemann and Mitchell, John C. and Naor, Moni and Nierstrasz, Oscar and Pandu Rangan, C. and Steffen, Bernhard and Terzopoulos, Demetri and Tygar, Doug and Weikum, Gerhard},
	editorbtype = {redactor},
	urldate = {2022-04-24},
	date = {2014},
	langid = {english},
	doi = {10.1007/978-3-662-43951-7},
	file = {Esparza et al. - 2014 - Automata, Languages, and Programming 41st Interna.pdf:C\:\\Users\\edgar\\Zotero\\storage\\66WYA9NN\\Esparza et al. - 2014 - Automata, Languages, and Programming 41st Interna.pdf:application/pdf},
}

@article{pass_lecture_nodate,
	title = {Lecture 5: Polynomial Hierarchy},
	pages = {5},
	author = {Pass, Rafael and Sivakumar, Navin},
	langid = {english},
	file = {Pass und Sivakumar - Lecture 5 Polynomial Hierarchy.pdf:C\:\\Users\\edgar\\Zotero\\storage\\78E9EL6U\\Pass und Sivakumar - Lecture 5 Polynomial Hierarchy.pdf:application/pdf},
}

@online{noauthor_pii_nodate,
	title = {{PII}: 0304-3975(76)90061-X {\textbar} Elsevier Enhanced Reader},
	url = {https://reader.elsevier.com/reader/sd/pii/030439757690061X?token=35D1D3B93300DF69871E443B27C9703117473C9E027DF8B24B67B8B1249DB03C7428958F6200D9B55A7C4958C646F59A&originRegion=eu-west-1&originCreation=20220424151153},
	shorttitle = {{PII}},
	urldate = {2022-04-24},
	langid = {english},
	doi = {10.1016/0304-3975(76)90061-X},
	note = {{ISSN}: 0304-3975},
	file = {Snapshot:C\:\\Users\\edgar\\Zotero\\storage\\EPSM295R\\030439757690061X.html:text/html;Volltext:C\:\\Users\\edgar\\Zotero\\storage\\THTZUJAD\\PII 0304-3975(76)90061-X  Elsevier Enhanced Read.pdf:application/pdf},
}

@unpublished{bura_polynomial_2019,
	title = {The Polynomial Hierarchy Collapses. A Fresh Perspective},
	url = {https://hal.archives-ouvertes.fr/hal-02146406},
	abstract = {In a previous article we prove the Polynomial Hierarchy collapses by making use of a method based essentially on Gaussian Elimination. In this paper we replace completely our use of Gaussian Elimination and formulate an equivalent approach based on the method of Substitution. We give the usual argument that a non-trivial kernel for Exact Satisfiability may be found. Our proof shows the structure formerly known as the Polynomial Hierarchy collapses to the level above P = N P. That is, we show that {coNP} ⊆ {NP} {\textbackslash} P.},
	author = {Bura, Valentin B},
	urldate = {2022-04-24},
	date = {2019-06},
	keywords = {Boolean Satisfiability, Computational Complexity, Kernelization},
	file = {HAL PDF Full Text:C\:\\Users\\edgar\\Zotero\\storage\\6BU3U9DV\\Bura - 2019 - The Polynomial Hierarchy Collapses. A Fresh Perspe.pdf:application/pdf},
}

@book{sipser_introduction_2012,
	location = {Boston, {MA}},
	edition = {3rd Ed},
	title = {Introduction to the theory of computation},
	isbn = {978-1-133-18779-0},
	publisher = {Course Technology Cengage Learning},
	author = {Sipser, Michael},
	date = {2012},
	langid = {english},
	file = {Sipser - 2012 - Introduction to the theory of computation.pdf:C\:\\Users\\edgar\\Zotero\\storage\\NN2ULNW2\\Sipser - 2012 - Introduction to the theory of computation.pdf:application/pdf},
}

@article{schaefer_completeness_nodate,
	title = {Completeness in the Polynomial-Time Hierarchy A Compendium},
	abstract = {We present a Garey/Johnson-style list of problems known to be complete for the second and higher levels of the polynomial-time Hierarchy (polynomial hierarchy, or {PH} for short). We also include the best-known hardness of approximation results. The list will be updated as necessary.},
	pages = {35},
	author = {Schaefer, Marcus and Umans, Christopher},
	langid = {english},
	file = {Schaefer und Umans - Completeness in the Polynomial-Time Hierarchy A Co.pdf:C\:\\Users\\edgar\\Zotero\\storage\\QFU8V3C4\\Schaefer und Umans - Completeness in the Polynomial-Time Hierarchy A Co.pdf:application/pdf},
}


